[gd_resource type="Theme" load_steps=11 format=2]

[ext_resource path="res://gui/fonts/FiraSans-Regular.otf" type="DynamicFontData" id=1]

[sub_resource type="StyleBoxFlat" id=1]
bg_color = Color( 0.196078, 0.188235, 0.219608, 1 )
border_width_left = 1
border_width_top = 1
border_width_right = 1
border_width_bottom = 1
border_color = Color( 0, 0, 0, 1 )
expand_margin_left = 4.0
expand_margin_right = 4.0
expand_margin_top = 1.0
expand_margin_bottom = 1.0

[sub_resource type="StyleBoxFlat" id=2]
bg_color = Color( 0.196078, 0.188235, 0.219608, 1 )
border_width_left = 1
border_width_top = 1
border_width_right = 1
border_width_bottom = 1
border_color = Color( 1, 1, 1, 1 )
expand_margin_left = 4.0
expand_margin_right = 4.0
expand_margin_top = 1.0
expand_margin_bottom = 1.0

[sub_resource type="StyleBoxFlat" id=3]
bg_color = Color( 0, 0, 0, 1 )
border_width_left = 1
border_width_top = 1
border_width_right = 1
border_width_bottom = 1
border_color = Color( 0, 0, 0, 1 )
expand_margin_left = 1.0
expand_margin_right = 1.0
expand_margin_top = 1.0
expand_margin_bottom = 1.0

[sub_resource type="StyleBoxFlat" id=4]
bg_color = Color( 0.145098, 0.145098, 0.164706, 1 )

[sub_resource type="StyleBoxFlat" id=5]
bg_color = Color( 0.180392, 0.180392, 0.180392, 1 )
border_width_left = 1
border_width_top = 1
border_width_right = 1
border_width_bottom = 1
border_color = Color( 0, 0, 0, 1 )

[sub_resource type="StyleBoxFlat" id=6]
bg_color = Color( 0.211765, 0.203922, 0.239216, 1 )
corner_radius_top_left = 4
corner_radius_top_right = 4
corner_radius_bottom_right = 4
corner_radius_bottom_left = 4

[sub_resource type="StyleBoxFlat" id=7]
content_margin_left = 2.0
border_color = Color( 0, 0, 0, 1 )
corner_radius_top_left = 4
corner_radius_top_right = 4
corner_radius_bottom_right = 4
corner_radius_bottom_left = 4

[sub_resource type="StyleBoxFlat" id=8]
bg_color = Color( 0.196078, 0.188235, 0.219608, 1 )
border_width_left = 1
border_width_top = 1
border_width_right = 1
border_width_bottom = 1
border_color = Color( 0, 0, 0, 1 )
expand_margin_top = 22.0

[sub_resource type="DynamicFont" id=9]
use_mipmaps = true
use_filter = true
font_data = ExtResource( 1 )

[resource]
default_font = SubResource( 9 )
Button/colors/font_color = Color( 0.878431, 0.878431, 0.878431, 1 )
Button/colors/font_color_disabled = Color( 0.9, 0.9, 0.9, 0.2 )
Button/colors/font_color_hover = Color( 0.941176, 0.941176, 0.941176, 1 )
Button/colors/font_color_pressed = Color( 1, 1, 1, 1 )
Button/constants/hseparation = 2
Button/fonts/font = null
Button/styles/disabled = SubResource( 1 )
Button/styles/focus = SubResource( 2 )
Button/styles/hover = SubResource( 2 )
Button/styles/normal = SubResource( 1 )
Button/styles/pressed = SubResource( 3 )
Panel/styles/panel = SubResource( 4 )
PopupMenu/colors/font_color = Color( 0.878431, 0.878431, 0.878431, 1 )
PopupMenu/colors/font_color_accel = Color( 0.7, 0.7, 0.7, 0.8 )
PopupMenu/colors/font_color_disabled = Color( 0.4, 0.4, 0.4, 0.8 )
PopupMenu/colors/font_color_hover = Color( 0.878431, 0.878431, 0.878431, 1 )
PopupMenu/constants/hseparation = 4
PopupMenu/constants/vseparation = 4
PopupMenu/fonts/font = null
PopupMenu/icons/checked = null
PopupMenu/icons/radio_checked = null
PopupMenu/icons/radio_unchecked = null
PopupMenu/icons/submenu = null
PopupMenu/icons/unchecked = null
PopupMenu/styles/hover = null
PopupMenu/styles/labeled_separator_left = null
PopupMenu/styles/labeled_separator_right = null
PopupMenu/styles/panel = SubResource( 5 )
PopupMenu/styles/panel_disabled = null
PopupMenu/styles/separator = null
ProgressBar/colors/font_color = Color( 0.941176, 0.941176, 0.941176, 1 )
ProgressBar/colors/font_color_shadow = Color( 0, 0, 0, 1 )
ProgressBar/fonts/font = null
ProgressBar/styles/bg = SubResource( 6 )
ProgressBar/styles/fg = SubResource( 7 )
WindowDialog/colors/title_color = Color( 1, 1, 1, 1 )
WindowDialog/constants/close_h_ofs = 18
WindowDialog/constants/close_v_ofs = 18
WindowDialog/constants/scaleborder_size = 4
WindowDialog/constants/title_height = 20
WindowDialog/fonts/title_font = null
WindowDialog/icons/close = null
WindowDialog/icons/close_highlight = null
WindowDialog/styles/panel = SubResource( 8 )
