[gd_scene load_steps=2 format=2]

[ext_resource path="res://gui/main_menu/Options.gd" type="Script" id=1]

[node name="Options" type="Control"]
anchor_right = 1.0
anchor_bottom = 1.0
size_flags_horizontal = 3
size_flags_vertical = 3
script = ExtResource( 1 )
__meta__ = {
"_edit_use_anchors_": false
}

[node name="Buttons" type="VBoxContainer" parent="."]
anchor_right = 1.0
anchor_bottom = 1.0
margin_left = 10.0
margin_top = 10.0
margin_right = -10.0
margin_bottom = -10.0
size_flags_horizontal = 3
size_flags_vertical = 3
alignment = 1
__meta__ = {
"_edit_use_anchors_": false
}

[node name="Language" type="HBoxContainer" parent="Buttons"]
margin_top = 144.0
margin_right = 1260.0
margin_bottom = 164.0

[node name="Label" type="Label" parent="Buttons/Language"]
margin_top = 3.0
margin_right = 63.0
margin_bottom = 17.0
text = "Language:"

[node name="Spacer" type="Control" parent="Buttons/Language"]
margin_left = 67.0
margin_right = 1136.0
margin_bottom = 20.0
grow_horizontal = 2
grow_vertical = 2
size_flags_horizontal = 3

[node name="Dropdown" type="OptionButton" parent="Buttons/Language"]
margin_left = 1140.0
margin_right = 1260.0
margin_bottom = 20.0
rect_min_size = Vector2( 120, 0 )
size_flags_horizontal = 0

[node name="HSeparator" type="HSeparator" parent="Buttons"]
margin_top = 168.0
margin_right = 1260.0
margin_bottom = 172.0

[node name="Fullscreen" type="HBoxContainer" parent="Buttons"]
margin_top = 176.0
margin_right = 1260.0
margin_bottom = 200.0

[node name="Label" type="Label" parent="Buttons/Fullscreen"]
margin_top = 5.0
margin_right = 74.0
margin_bottom = 19.0
text = "Fullscreen: "

[node name="Spacer" type="Control" parent="Buttons/Fullscreen"]
margin_left = 78.0
margin_right = 1232.0
margin_bottom = 24.0
size_flags_horizontal = 3

[node name="CheckBox" type="CheckBox" parent="Buttons/Fullscreen"]
margin_left = 1236.0
margin_right = 1260.0
margin_bottom = 24.0
pressed = true

[node name="RenderScale" type="HBoxContainer" parent="Buttons"]
margin_top = 204.0
margin_right = 1260.0
margin_bottom = 220.0

[node name="Label" type="Label" parent="Buttons/RenderScale"]
margin_top = 1.0
margin_right = 86.0
margin_bottom = 15.0
text = "Render Scale:"

[node name="Spacer" type="Control" parent="Buttons/RenderScale"]
margin_left = 90.0
margin_right = 1106.0
margin_bottom = 16.0
size_flags_horizontal = 3

[node name="HSlider" type="HSlider" parent="Buttons/RenderScale"]
margin_left = 1110.0
margin_right = 1260.0
margin_bottom = 16.0
rect_min_size = Vector2( 150, 0 )
min_value = 0.25
max_value = 4.0
step = 0.05
value = 1.0
exp_edit = true
tick_count = 5
ticks_on_borders = true

[node name="HSeparator2" type="HSeparator" parent="Buttons"]
margin_top = 224.0
margin_right = 1260.0
margin_bottom = 228.0

[node name="AnisoFilter" type="HBoxContainer" parent="Buttons"]
margin_top = 232.0
margin_right = 1260.0
margin_bottom = 252.0

[node name="Label" type="Label" parent="Buttons/AnisoFilter"]
margin_top = 3.0
margin_right = 114.0
margin_bottom = 17.0
text = "Anisotropic Filter:"

[node name="Spacer" type="Control" parent="Buttons/AnisoFilter"]
margin_left = 118.0
margin_right = 1181.0
margin_bottom = 20.0
size_flags_horizontal = 3

[node name="Dropdown" type="OptionButton" parent="Buttons/AnisoFilter"]
margin_left = 1185.0
margin_right = 1260.0
margin_bottom = 20.0
rect_min_size = Vector2( 75, 0 )

[node name="MSAA" type="HBoxContainer" parent="Buttons"]
margin_top = 256.0
margin_right = 1260.0
margin_bottom = 276.0

[node name="Label" type="Label" parent="Buttons/MSAA"]
margin_top = 3.0
margin_right = 41.0
margin_bottom = 17.0
text = "MSAA:"

[node name="Spacer" type="Control" parent="Buttons/MSAA"]
margin_left = 45.0
margin_right = 1181.0
margin_bottom = 20.0
size_flags_horizontal = 3

[node name="Dropdown" type="OptionButton" parent="Buttons/MSAA"]
margin_left = 1185.0
margin_right = 1260.0
margin_bottom = 20.0
rect_min_size = Vector2( 75, 0 )

[node name="ShadowRes" type="HBoxContainer" parent="Buttons"]
margin_top = 280.0
margin_right = 1260.0
margin_bottom = 300.0

[node name="Label" type="Label" parent="Buttons/ShadowRes"]
margin_top = 3.0
margin_right = 79.0
margin_bottom = 17.0
text = "Shadow Res:"

[node name="Spacer" type="Control" parent="Buttons/ShadowRes"]
margin_left = 83.0
margin_right = 1181.0
margin_bottom = 20.0
size_flags_horizontal = 3

[node name="Dropdown" type="OptionButton" parent="Buttons/ShadowRes"]
margin_left = 1185.0
margin_right = 1260.0
margin_bottom = 20.0
rect_min_size = Vector2( 75, 0 )

[node name="ShadowQuality" type="HBoxContainer" parent="Buttons"]
margin_top = 304.0
margin_right = 1260.0
margin_bottom = 324.0

[node name="Label" type="Label" parent="Buttons/ShadowQuality"]
margin_top = 3.0
margin_right = 102.0
margin_bottom = 17.0
text = "Shadow Quality:"

[node name="Spacer" type="Control" parent="Buttons/ShadowQuality"]
margin_left = 106.0
margin_right = 1181.0
margin_bottom = 20.0
size_flags_horizontal = 3

[node name="Dropdown" type="OptionButton" parent="Buttons/ShadowQuality"]
margin_left = 1185.0
margin_right = 1260.0
margin_bottom = 20.0
rect_min_size = Vector2( 75, 0 )

[node name="Reflections" type="HBoxContainer" parent="Buttons"]
margin_top = 328.0
margin_right = 1260.0
margin_bottom = 348.0

[node name="Label" type="Label" parent="Buttons/Reflections"]
margin_top = 3.0
margin_right = 118.0
margin_bottom = 17.0
text = "Reflection Quality:"

[node name="Spacer" type="Control" parent="Buttons/Reflections"]
margin_left = 122.0
margin_right = 1181.0
margin_bottom = 20.0
size_flags_horizontal = 3

[node name="Dropdown" type="OptionButton" parent="Buttons/Reflections"]
margin_left = 1185.0
margin_right = 1260.0
margin_bottom = 20.0
rect_min_size = Vector2( 75, 0 )

[node name="Physics" type="HBoxContainer" parent="Buttons"]
margin_top = 352.0
margin_right = 1260.0
margin_bottom = 372.0
hint_tooltip = "Higher Settings improve physics precision but requires more CPU power."

[node name="Label" type="Label" parent="Buttons/Physics"]
margin_top = 3.0
margin_right = 102.0
margin_bottom = 17.0
text = "Physics Quality:"

[node name="Spacer" type="Control" parent="Buttons/Physics"]
margin_left = 106.0
margin_right = 1181.0
margin_bottom = 20.0
size_flags_horizontal = 3

[node name="Dropdown" type="OptionButton" parent="Buttons/Physics"]
margin_left = 1185.0
margin_right = 1260.0
margin_bottom = 20.0
rect_min_size = Vector2( 75, 0 )

[node name="HSeparator3" type="HSeparator" parent="Buttons"]
margin_top = 376.0
margin_right = 1260.0
margin_bottom = 380.0

[node name="MasterVol" type="HBoxContainer" parent="Buttons"]
margin_top = 384.0
margin_right = 1260.0
margin_bottom = 400.0
hint_tooltip = "Higher Settings improve physics precision but requires more CPU power."

[node name="Label" type="Label" parent="Buttons/MasterVol"]
margin_top = 1.0
margin_right = 101.0
margin_bottom = 15.0
text = "Master Volume:"

[node name="Spacer" type="Control" parent="Buttons/MasterVol"]
margin_left = 105.0
margin_right = 1106.0
margin_bottom = 16.0
size_flags_horizontal = 3

[node name="HSlider" type="HSlider" parent="Buttons/MasterVol"]
margin_left = 1110.0
margin_right = 1260.0
margin_bottom = 16.0
rect_min_size = Vector2( 150, 0 )
min_value = -72.0
max_value = 6.0
tick_count = 5
ticks_on_borders = true

[node name="EffectsVol" type="HBoxContainer" parent="Buttons"]
margin_top = 404.0
margin_right = 1260.0
margin_bottom = 420.0
hint_tooltip = "Higher Settings improve physics precision but requires more CPU power."

[node name="Label" type="Label" parent="Buttons/EffectsVol"]
margin_top = 1.0
margin_right = 99.0
margin_bottom = 15.0
text = "Effects Volume:"

[node name="Spacer" type="Control" parent="Buttons/EffectsVol"]
margin_left = 103.0
margin_right = 1106.0
margin_bottom = 16.0
size_flags_horizontal = 3

[node name="HSlider" type="HSlider" parent="Buttons/EffectsVol"]
margin_left = 1110.0
margin_right = 1260.0
margin_bottom = 16.0
rect_min_size = Vector2( 150, 0 )
min_value = -72.0
max_value = 6.0
tick_count = 5
ticks_on_borders = true

[node name="DialogVol" type="HBoxContainer" parent="Buttons"]
margin_top = 424.0
margin_right = 1260.0
margin_bottom = 440.0
hint_tooltip = "Higher Settings improve physics precision but requires more CPU power."

[node name="Label" type="Label" parent="Buttons/DialogVol"]
margin_top = 1.0
margin_right = 97.0
margin_bottom = 15.0
text = "Dialog Volume:"

[node name="Spacer" type="Control" parent="Buttons/DialogVol"]
margin_left = 101.0
margin_right = 1106.0
margin_bottom = 16.0
size_flags_horizontal = 3

[node name="HSlider" type="HSlider" parent="Buttons/DialogVol"]
margin_left = 1110.0
margin_right = 1260.0
margin_bottom = 16.0
rect_min_size = Vector2( 150, 0 )
min_value = -72.0
max_value = 6.0
tick_count = 5
ticks_on_borders = true

[node name="MusicVol" type="HBoxContainer" parent="Buttons"]
margin_top = 444.0
margin_right = 1260.0
margin_bottom = 460.0
hint_tooltip = "Higher Settings improve physics precision but requires more CPU power."

[node name="Label" type="Label" parent="Buttons/MusicVol"]
margin_top = 1.0
margin_right = 95.0
margin_bottom = 15.0
text = "Music Volume:"

[node name="Spacer" type="Control" parent="Buttons/MusicVol"]
margin_left = 99.0
margin_right = 1106.0
margin_bottom = 16.0
size_flags_horizontal = 3

[node name="HSlider" type="HSlider" parent="Buttons/MusicVol"]
margin_left = 1110.0
margin_right = 1260.0
margin_bottom = 16.0
rect_min_size = Vector2( 150, 0 )
min_value = -72.0
max_value = 6.0
tick_count = 5
ticks_on_borders = true

[node name="HSeparator4" type="HSeparator" parent="Buttons"]
margin_top = 464.0
margin_right = 1260.0
margin_bottom = 468.0
__meta__ = {
"_edit_use_anchors_": false
}

[node name="MouseSpeedX" type="HBoxContainer" parent="Buttons"]
margin_top = 472.0
margin_right = 1260.0
margin_bottom = 488.0
__meta__ = {
"_edit_use_anchors_": false
}

[node name="Label" type="Label" parent="Buttons/MouseSpeedX"]
margin_top = 1.0
margin_right = 102.0
margin_bottom = 15.0
text = "Mouse Speed X:"

[node name="Spacer" type="Control" parent="Buttons/MouseSpeedX"]
margin_left = 106.0
margin_right = 1106.0
margin_bottom = 16.0
size_flags_horizontal = 3

[node name="HSlider" type="HSlider" parent="Buttons/MouseSpeedX"]
margin_left = 1110.0
margin_right = 1260.0
margin_bottom = 16.0
rect_min_size = Vector2( 150, 0 )
min_value = 0.01
max_value = 2.0
step = 0.01
value = 0.1
exp_edit = true

[node name="MouseSpeedY" type="HBoxContainer" parent="Buttons"]
margin_top = 492.0
margin_right = 1260.0
margin_bottom = 508.0
__meta__ = {
"_edit_use_anchors_": false
}

[node name="Label" type="Label" parent="Buttons/MouseSpeedY"]
margin_top = 1.0
margin_right = 101.0
margin_bottom = 15.0
text = "Mouse Speed Y:"

[node name="Spacer" type="Control" parent="Buttons/MouseSpeedY"]
margin_left = 105.0
margin_right = 1106.0
margin_bottom = 16.0
size_flags_horizontal = 3

[node name="HSlider" type="HSlider" parent="Buttons/MouseSpeedY"]
margin_left = 1110.0
margin_right = 1260.0
margin_bottom = 16.0
rect_min_size = Vector2( 150, 0 )
min_value = 0.01
max_value = 2.0
step = 0.01
value = 0.1
exp_edit = true

[node name="MouseSmooth" type="HBoxContainer" parent="Buttons"]
margin_top = 512.0
margin_right = 1260.0
margin_bottom = 528.0
__meta__ = {
"_edit_use_anchors_": false
}

[node name="Label" type="Label" parent="Buttons/MouseSmooth"]
margin_top = 1.0
margin_right = 119.0
margin_bottom = 15.0
text = "Mouse Smoothing:"

[node name="Spacer" type="Control" parent="Buttons/MouseSmooth"]
margin_left = 123.0
margin_right = 1106.0
margin_bottom = 16.0
size_flags_horizontal = 3

[node name="HSlider" type="HSlider" parent="Buttons/MouseSmooth"]
margin_left = 1110.0
margin_right = 1260.0
margin_bottom = 16.0
rect_min_size = Vector2( 150, 0 )
min_value = 0.01
max_value = 2.0
step = 0.01
value = 0.1
exp_edit = true

[node name="FlipY" type="HBoxContainer" parent="Buttons"]
margin_top = 532.0
margin_right = 1260.0
margin_bottom = 556.0
__meta__ = {
"_edit_use_anchors_": false
}

[node name="Label" type="Label" parent="Buttons/FlipY"]
margin_top = 5.0
margin_right = 69.0
margin_bottom = 19.0
text = "Flip Y Axis:"

[node name="Spacer" type="Control" parent="Buttons/FlipY"]
margin_left = 73.0
margin_right = 1232.0
margin_bottom = 24.0
size_flags_horizontal = 3

[node name="CheckBox" type="CheckBox" parent="Buttons/FlipY"]
margin_left = 1236.0
margin_right = 1260.0
margin_bottom = 24.0

[node name="Back" type="Button" parent="."]
margin_left = 10.0
margin_top = 10.0
margin_right = 50.0
margin_bottom = 25.0
rect_min_size = Vector2( 50, 25 )
text = "Back"
[connection signal="item_selected" from="Buttons/Language/Dropdown" to="." method="_on_lang_changed"]
[connection signal="toggled" from="Buttons/Fullscreen/CheckBox" to="." method="_on_fullscreen_changed"]
[connection signal="value_changed" from="Buttons/RenderScale/HSlider" to="." method="_on_render_scale_changed"]
[connection signal="item_selected" from="Buttons/AnisoFilter/Dropdown" to="." method="_on_aniso_changed"]
[connection signal="item_selected" from="Buttons/MSAA/Dropdown" to="." method="_on_msaa_changed"]
[connection signal="item_selected" from="Buttons/ShadowRes/Dropdown" to="." method="_on_shadowres_changed"]
[connection signal="item_selected" from="Buttons/ShadowQuality/Dropdown" to="." method="_on_shadowqual_changed"]
[connection signal="item_selected" from="Buttons/Reflections/Dropdown" to="." method="_on_reflections_changed"]
[connection signal="item_selected" from="Buttons/Physics/Dropdown" to="." method="_on_physics_changed"]
[connection signal="value_changed" from="Buttons/MasterVol/HSlider" to="." method="_on_mastervol_changed"]
[connection signal="value_changed" from="Buttons/EffectsVol/HSlider" to="." method="_on_effectsvol_changed"]
[connection signal="value_changed" from="Buttons/DialogVol/HSlider" to="." method="_on_dialogvol_changed"]
[connection signal="value_changed" from="Buttons/MusicVol/HSlider" to="." method="_on_musicvol_changed"]
[connection signal="value_changed" from="Buttons/MouseSpeedX/HSlider" to="." method="_on_mouse_speed_x_changed"]
[connection signal="value_changed" from="Buttons/MouseSpeedY/HSlider" to="." method="_on_mouse_speed_y_changed"]
[connection signal="value_changed" from="Buttons/MouseSmooth/HSlider" to="." method="_on_mouse_smooth_changed"]
[connection signal="toggled" from="Buttons/FlipY/CheckBox" to="." method="_on_flip_y_changed"]
[connection signal="pressed" from="Back" to="." method="_on_back_pressed"]
